<?xml version="1.0" encoding="UTF-8"?><collection xmlns="http://www.loc.gov/MARC21/slim"><record><leader>00323nam--2200133-i-4500</leader><controlfield tag="001">000034802</controlfield><controlfield tag="002">20161230</controlfield><controlfield tag="005">20161230201040</controlfield><controlfield tag="008">060222s1000------------r-----000-0-eng-d</controlfield><datafield ind1=" " ind2=" " tag="080"><subfield code="a">621.396.67</subfield></datafield><datafield ind1=" " ind2=" " tag="100"><subfield code="a">Niculescu, Tudor</subfield></datafield><datafield ind1=" " ind2=" " tag="245"><subfield code="a">Antene de microunde</subfield></datafield><datafield ind1=" " ind2=" " tag="260"><subfield code="a">Bucuresti, Editura Militara, 1984. 240p</subfield></datafield><datafield ind1=" " ind2=" " tag="852"><subfield code="a">71960</subfield></datafield></record></collection>